<record><leader>00000cas a2200000 a 4500</leader><controlfield tag="001">14114924</controlfield><controlfield tag="008">860820d18811882txudn ne      0    0eng c</controlfield><datafield ind1=" " ind2=" " tag="010"><subfield code="a">sn 86088766 </subfield></datafield><datafield ind1=" " ind2=" " tag="040"><subfield code="a">PPM</subfield><subfield code="b">eng</subfield><subfield code="c">PPM</subfield><subfield code="d">MGN</subfield><subfield code="d">PPM</subfield><subfield code="d">NVF</subfield><subfield code="d">OCLCQ</subfield><subfield code="d">OCLCF</subfield><subfield code="d">OCL</subfield><subfield code="d">OCLCO</subfield></datafield><datafield ind1="1" ind2=" " tag="029"><subfield code="a">AU@</subfield><subfield code="b">000025837564</subfield></datafield><datafield ind1=" " ind2=" " tag="042"><subfield code="a">pcc</subfield></datafield><datafield ind1=" " ind2=" " tag="043"><subfield code="a">n-us-tx</subfield></datafield><datafield ind1="0" ind2="0" tag="245"><subfield code="a">Fort Worth daily Democrat and advance.</subfield></datafield><datafield ind1="1" ind2=" " tag="246"><subfield code="i">Published as:</subfield><subfield code="a">Fort Worth daily Democrat-advance</subfield><subfield code="f">Dec. 31, 1881 and Jan. 24-June 30, 1882</subfield></datafield><datafield ind1="1" ind2=" " tag="246"><subfield code="i">Published as:</subfield><subfield code="a">Fort Worth Democrat-advance</subfield><subfield code="f">Jan. 1-22, 1882</subfield></datafield><datafield ind1="1" ind2="3" tag="246"><subfield code="a">Democrat and advance</subfield></datafield><datafield ind1=" " ind2=" " tag="260"><subfield code="a">Fort Worth, Tex. :</subfield><subfield code="b">[s.n.],</subfield><subfield code="c">1881-1882.</subfield></datafield><datafield ind1=" " ind2=" " tag="300"><subfield code="a">v.</subfield></datafield><datafield ind1=" " ind2=" " tag="310"><subfield code="a">Daily (except Monday)</subfield></datafield><datafield ind1="0" ind2=" " tag="362"><subfield code="a">Vol. 5, no. 309 (Dec. 13, 1881)-v. 6, no. 167 (June 30, 1882).</subfield></datafield><datafield ind1=" " ind2="0" tag="651"><subfield code="a">Fort Worth (Tex.)</subfield><subfield code="v">Newspapers.</subfield></datafield><datafield ind1=" " ind2="7" tag="651"><subfield code="a">Texas</subfield><subfield code="z">Fort Worth.</subfield><subfield code="2">fast</subfield><subfield code="0">(OCoLC)fst01204692</subfield></datafield><datafield ind1=" " ind2="7" tag="655"><subfield code="a">Newspapers.</subfield><subfield code="2">fast</subfield><subfield code="0">(OCoLC)fst01423814</subfield></datafield><datafield ind1=" " ind2=" " tag="752"><subfield code="a">United States</subfield><subfield code="b">Texas</subfield><subfield code="c">Tarrant</subfield><subfield code="d">Fort Worth.</subfield></datafield><datafield ind1="0" ind2="4" tag="780"><subfield code="t">Fort Worth advance</subfield></datafield><datafield ind1="0" ind2="4" tag="780"><subfield code="t">Fort Worth daily Democrat</subfield><subfield code="w">(DLC)sn 86088851</subfield><subfield code="w">(OCoLC)14206070</subfield></datafield><datafield ind1="0" ind2="6" tag="785"><subfield code="t">Fort Worth daily gazette (Fort Worth, Tex. : 1882)</subfield><subfield code="w">(DLC)sn 86064205</subfield><subfield code="w">(OCoLC)13695711</subfield></datafield><datafield ind1="0" ind2="6" tag="785"><subfield code="t">Democrat (Fort Worth, Tex.)</subfield><subfield code="w">(DLC)sn 86089342</subfield></datafield></record>